<?xml version="1.0" encoding="UTF-8"?><collection xmlns="http://www.loc.gov/MARC21/slim"><record><leader>00319nam--2200133-i-4500</leader><controlfield tag="001">000018074</controlfield><controlfield tag="002">20161230</controlfield><controlfield tag="005">20161230201032</controlfield><controlfield tag="008">060222s1000------------r-----000-0-eng-d</controlfield><datafield ind1=" " ind2=" " tag="080"><subfield code="a">541.135</subfield></datafield><datafield ind1=" " ind2=" " tag="100"><subfield code="a">Falkenhagen, Hans</subfield></datafield><datafield ind1=" " ind2=" " tag="245"><subfield code="a">Elektrolyte. 2-te auflage</subfield></datafield><datafield ind1=" " ind2=" " tag="260"><subfield code="a">Leipzig, Hirzel, 1953.Xi + 263 P</subfield></datafield><datafield ind1=" " ind2=" " tag="852"><subfield code="a">4245</subfield></datafield></record></collection>